%YAML 1.1
%TAG !u! tag:unity3d.com,2011:
--- !u!1 &6201486965773882525
GameObject:
  m_ObjectHideFlags: 0
  m_CorrespondingSourceObject: {fileID: 0}
  m_PrefabInstance: {fileID: 0}
  m_PrefabAsset: {fileID: 0}
  serializedVersion: 6
  m_Component:
  - component: {fileID: 3028596261061158580}
  - component: {fileID: 160691399844970780}
  - component: {fileID: 1858325455003208044}
  - component: {fileID: 2015438298738377910}
  m_Layer: 0
  m_Name: Carrossel 1
  m_TagString: Untagged
  m_Icon: {fileID: 0}
  m_NavMeshLayer: 0
  m_StaticEditorFlags: 0
  m_IsActive: 1
--- !u!4 &3028596261061158580
Transform:
  m_ObjectHideFlags: 0
  m_CorrespondingSourceObject: {fileID: 0}
  m_PrefabInstance: {fileID: 0}
  m_PrefabAsset: {fileID: 0}
  m_GameObject: {fileID: 6201486965773882525}
  m_LocalRotation: {x: 0, y: 0, z: 0, w: 1}
  m_LocalPosition: {x: 12.5, y: -9.28, z: -112.6}
  m_LocalScale: {x: 0.79671, y: 0.79671, z: 0.79671}
  m_ConstrainProportionsScale: 0
  m_Children:
  - {fileID: 571437790655931271}
  - {fileID: 571437791607736180}
  - {fileID: 571437790284280495}
  - {fileID: 571437790955186748}
  - {fileID: 571437790427101745}
  - {fileID: 571437791939569887}
  - {fileID: 6248047361754673955}
  - {fileID: 476335581397298541}
  - {fileID: 4717446301562171498}
  m_Father: {fileID: 0}
  m_RootOrder: 0
  m_LocalEulerAnglesHint: {x: 0, y: 0, z: 0}
--- !u!114 &160691399844970780
MonoBehaviour:
  m_ObjectHideFlags: 0
  m_CorrespondingSourceObject: {fileID: 0}
  m_PrefabInstance: {fileID: 0}
  m_PrefabAsset: {fileID: 0}
  m_GameObject: {fileID: 6201486965773882525}
  m_Enabled: 1
  m_EditorHideFlags: 0
  m_Script: {fileID: 11500000, guid: c1316bc62be7c1249aef540d0a79623d, type: 3}
  m_Name: 
  m_EditorClassIdentifier: 
  velocidade: 0.5
  angulo: y
  porTempo: 0
  tempoAtivar: 5
  tempoDesativar: 1
--- !u!114 &1858325455003208044
MonoBehaviour:
  m_ObjectHideFlags: 0
  m_CorrespondingSourceObject: {fileID: 0}
  m_PrefabInstance: {fileID: 0}
  m_PrefabAsset: {fileID: 0}
  m_GameObject: {fileID: 6201486965773882525}
  m_Enabled: 1
  m_EditorHideFlags: 0
  m_Script: {fileID: 11500000, guid: aa584fbee541324448dd18d8409c7a41, type: 3}
  m_Name: 
  m_EditorClassIdentifier: 
  ObservedComponentsFoldoutOpen: 1
  Group: 0
  prefixField: -1
  Synchronization: 2
  OwnershipTransfer: 1
  observableSearch: 2
  ObservedComponents:
  - {fileID: 2015438298738377910}
  sceneViewId: 0
  InstantiationId: 0
  isRuntimeInstantiated: 0
--- !u!114 &2015438298738377910
MonoBehaviour:
  m_ObjectHideFlags: 0
  m_CorrespondingSourceObject: {fileID: 0}
  m_PrefabInstance: {fileID: 0}
  m_PrefabAsset: {fileID: 0}
  m_GameObject: {fileID: 6201486965773882525}
  m_Enabled: 1
  m_EditorHideFlags: 0
  m_Script: {fileID: 11500000, guid: 627855c7f81362d41938ffe0b1475957, type: 3}
  m_Name: 
  m_EditorClassIdentifier: 
  m_SynchronizePosition: 1
  m_SynchronizeRotation: 1
  m_SynchronizeScale: 0
  m_UseLocal: 1
--- !u!1001 &571437790807184763
PrefabInstance:
  m_ObjectHideFlags: 0
  serializedVersion: 2
  m_Modification:
    m_TransformParent: {fileID: 3028596261061158580}
    m_Modifications:
    - target: {fileID: 2493182199148254531, guid: 57c044ede6eac6246be882b8609dda13, type: 3}
      propertyPath: m_StaticEditorFlags
      value: 0
      objectReference: {fileID: 0}
    - target: {fileID: 4873870842421729094, guid: 57c044ede6eac6246be882b8609dda13, type: 3}
      propertyPath: sceneViewId
      value: 7
      objectReference: {fileID: 0}
    - target: {fileID: 5862457857944839768, guid: 57c044ede6eac6246be882b8609dda13, type: 3}
      propertyPath: m_RootOrder
      value: 6
      objectReference: {fileID: 0}
    - target: {fileID: 5862457857944839768, guid: 57c044ede6eac6246be882b8609dda13, type: 3}
      propertyPath: m_LocalScale.x
      value: 1
      objectReference: {fileID: 0}
    - target: {fileID: 5862457857944839768, guid: 57c044ede6eac6246be882b8609dda13, type: 3}
      propertyPath: m_LocalScale.y
      value: 1
      objectReference: {fileID: 0}
    - target: {fileID: 5862457857944839768, guid: 57c044ede6eac6246be882b8609dda13, type: 3}
      propertyPath: m_LocalScale.z
      value: 1
      objectReference: {fileID: 0}
    - target: {fileID: 5862457857944839768, guid: 57c044ede6eac6246be882b8609dda13, type: 3}
      propertyPath: m_LocalPosition.x
      value: -10.1
      objectReference: {fileID: 0}
    - target: {fileID: 5862457857944839768, guid: 57c044ede6eac6246be882b8609dda13, type: 3}
      propertyPath: m_LocalPosition.y
      value: 0
      objectReference: {fileID: 0}
    - target: {fileID: 5862457857944839768, guid: 57c044ede6eac6246be882b8609dda13, type: 3}
      propertyPath: m_LocalPosition.z
      value: -8.12
      objectReference: {fileID: 0}
    - target: {fileID: 5862457857944839768, guid: 57c044ede6eac6246be882b8609dda13, type: 3}
      propertyPath: m_LocalRotation.w
      value: 1
      objectReference: {fileID: 0}
    - target: {fileID: 5862457857944839768, guid: 57c044ede6eac6246be882b8609dda13, type: 3}
      propertyPath: m_LocalRotation.x
      value: -0
      objectReference: {fileID: 0}
    - target: {fileID: 5862457857944839768, guid: 57c044ede6eac6246be882b8609dda13, type: 3}
      propertyPath: m_LocalRotation.y
      value: -0
      objectReference: {fileID: 0}
    - target: {fileID: 5862457857944839768, guid: 57c044ede6eac6246be882b8609dda13, type: 3}
      propertyPath: m_LocalRotation.z
      value: -0
      objectReference: {fileID: 0}
    - target: {fileID: 5862457857944839768, guid: 57c044ede6eac6246be882b8609dda13, type: 3}
      propertyPath: m_LocalEulerAnglesHint.x
      value: 0
      objectReference: {fileID: 0}
    - target: {fileID: 5862457857944839768, guid: 57c044ede6eac6246be882b8609dda13, type: 3}
      propertyPath: m_LocalEulerAnglesHint.y
      value: 0
      objectReference: {fileID: 0}
    - target: {fileID: 5862457857944839768, guid: 57c044ede6eac6246be882b8609dda13, type: 3}
      propertyPath: m_LocalEulerAnglesHint.z
      value: 0
      objectReference: {fileID: 0}
    - target: {fileID: 6803862111876231711, guid: 57c044ede6eac6246be882b8609dda13, type: 3}
      propertyPath: m_Name
      value: CarrosselBase
      objectReference: {fileID: 0}
    - target: {fileID: 6803862111876231711, guid: 57c044ede6eac6246be882b8609dda13, type: 3}
      propertyPath: m_StaticEditorFlags
      value: 0
      objectReference: {fileID: 0}
    m_RemovedComponents: []
  m_SourcePrefab: {fileID: 100100000, guid: 57c044ede6eac6246be882b8609dda13, type: 3}
--- !u!4 &6248047361754673955 stripped
Transform:
  m_CorrespondingSourceObject: {fileID: 5862457857944839768, guid: 57c044ede6eac6246be882b8609dda13, type: 3}
  m_PrefabInstance: {fileID: 571437790807184763}
  m_PrefabAsset: {fileID: 0}
--- !u!1001 &1165339624062064178
PrefabInstance:
  m_ObjectHideFlags: 0
  serializedVersion: 2
  m_Modification:
    m_TransformParent: {fileID: 3028596261061158580}
    m_Modifications:
    - target: {fileID: 2493182199148254531, guid: 57c044ede6eac6246be882b8609dda13, type: 3}
      propertyPath: m_StaticEditorFlags
      value: 0
      objectReference: {fileID: 0}
    - target: {fileID: 4873870842421729094, guid: 57c044ede6eac6246be882b8609dda13, type: 3}
      propertyPath: sceneViewId
      value: 7
      objectReference: {fileID: 0}
    - target: {fileID: 5862457857944839768, guid: 57c044ede6eac6246be882b8609dda13, type: 3}
      propertyPath: m_RootOrder
      value: 8
      objectReference: {fileID: 0}
    - target: {fileID: 5862457857944839768, guid: 57c044ede6eac6246be882b8609dda13, type: 3}
      propertyPath: m_LocalScale.x
      value: 1
      objectReference: {fileID: 0}
    - target: {fileID: 5862457857944839768, guid: 57c044ede6eac6246be882b8609dda13, type: 3}
      propertyPath: m_LocalScale.y
      value: 1
      objectReference: {fileID: 0}
    - target: {fileID: 5862457857944839768, guid: 57c044ede6eac6246be882b8609dda13, type: 3}
      propertyPath: m_LocalScale.z
      value: 1
      objectReference: {fileID: 0}
    - target: {fileID: 5862457857944839768, guid: 57c044ede6eac6246be882b8609dda13, type: 3}
      propertyPath: m_LocalPosition.x
      value: -0.21
      objectReference: {fileID: 0}
    - target: {fileID: 5862457857944839768, guid: 57c044ede6eac6246be882b8609dda13, type: 3}
      propertyPath: m_LocalPosition.y
      value: 0
      objectReference: {fileID: 0}
    - target: {fileID: 5862457857944839768, guid: 57c044ede6eac6246be882b8609dda13, type: 3}
      propertyPath: m_LocalPosition.z
      value: 0.02
      objectReference: {fileID: 0}
    - target: {fileID: 5862457857944839768, guid: 57c044ede6eac6246be882b8609dda13, type: 3}
      propertyPath: m_LocalRotation.w
      value: 1
      objectReference: {fileID: 0}
    - target: {fileID: 5862457857944839768, guid: 57c044ede6eac6246be882b8609dda13, type: 3}
      propertyPath: m_LocalRotation.x
      value: -0
      objectReference: {fileID: 0}
    - target: {fileID: 5862457857944839768, guid: 57c044ede6eac6246be882b8609dda13, type: 3}
      propertyPath: m_LocalRotation.y
      value: -0
      objectReference: {fileID: 0}
    - target: {fileID: 5862457857944839768, guid: 57c044ede6eac6246be882b8609dda13, type: 3}
      propertyPath: m_LocalRotation.z
      value: -0
      objectReference: {fileID: 0}
    - target: {fileID: 5862457857944839768, guid: 57c044ede6eac6246be882b8609dda13, type: 3}
      propertyPath: m_LocalEulerAnglesHint.x
      value: 0
      objectReference: {fileID: 0}
    - target: {fileID: 5862457857944839768, guid: 57c044ede6eac6246be882b8609dda13, type: 3}
      propertyPath: m_LocalEulerAnglesHint.y
      value: 0
      objectReference: {fileID: 0}
    - target: {fileID: 5862457857944839768, guid: 57c044ede6eac6246be882b8609dda13, type: 3}
      propertyPath: m_LocalEulerAnglesHint.z
      value: 0
      objectReference: {fileID: 0}
    - target: {fileID: 6803862111876231711, guid: 57c044ede6eac6246be882b8609dda13, type: 3}
      propertyPath: m_Name
      value: CarrosselBase (2)
      objectReference: {fileID: 0}
    - target: {fileID: 6803862111876231711, guid: 57c044ede6eac6246be882b8609dda13, type: 3}
      propertyPath: m_StaticEditorFlags
      value: 0
      objectReference: {fileID: 0}
    m_RemovedComponents: []
  m_SourcePrefab: {fileID: 100100000, guid: 57c044ede6eac6246be882b8609dda13, type: 3}
--- !u!4 &4717446301562171498 stripped
Transform:
  m_CorrespondingSourceObject: {fileID: 5862457857944839768, guid: 57c044ede6eac6246be882b8609dda13, type: 3}
  m_PrefabInstance: {fileID: 1165339624062064178}
  m_PrefabAsset: {fileID: 0}
--- !u!1001 &6248047360706170503
PrefabInstance:
  m_ObjectHideFlags: 0
  serializedVersion: 2
  m_Modification:
    m_TransformParent: {fileID: 3028596261061158580}
    m_Modifications:
    - target: {fileID: 3846065130496360541, guid: 57c044ede6eac6246be882b8609dda13, type: 3}
      propertyPath: velocidade
      value: 3
      objectReference: {fileID: 0}
    - target: {fileID: 4873870842421729094, guid: 57c044ede6eac6246be882b8609dda13, type: 3}
      propertyPath: sceneViewId
      value: 10
      objectReference: {fileID: 0}
    - target: {fileID: 5862457857944839768, guid: 57c044ede6eac6246be882b8609dda13, type: 3}
      propertyPath: m_RootOrder
      value: 5
      objectReference: {fileID: 0}
    - target: {fileID: 5862457857944839768, guid: 57c044ede6eac6246be882b8609dda13, type: 3}
      propertyPath: m_LocalScale.x
      value: 1
      objectReference: {fileID: 0}
    - target: {fileID: 5862457857944839768, guid: 57c044ede6eac6246be882b8609dda13, type: 3}
      propertyPath: m_LocalScale.y
      value: 1
      objectReference: {fileID: 0}
    - target: {fileID: 5862457857944839768, guid: 57c044ede6eac6246be882b8609dda13, type: 3}
      propertyPath: m_LocalScale.z
      value: 1
      objectReference: {fileID: 0}
    - target: {fileID: 5862457857944839768, guid: 57c044ede6eac6246be882b8609dda13, type: 3}
      propertyPath: m_LocalPosition.x
      value: 9.86
      objectReference: {fileID: 0}
    - target: {fileID: 5862457857944839768, guid: 57c044ede6eac6246be882b8609dda13, type: 3}
      propertyPath: m_LocalPosition.y
      value: 0
      objectReference: {fileID: 0}
    - target: {fileID: 5862457857944839768, guid: 57c044ede6eac6246be882b8609dda13, type: 3}
      propertyPath: m_LocalPosition.z
      value: -8.06
      objectReference: {fileID: 0}
    - target: {fileID: 5862457857944839768, guid: 57c044ede6eac6246be882b8609dda13, type: 3}
      propertyPath: m_LocalRotation.w
      value: 1
      objectReference: {fileID: 0}
    - target: {fileID: 5862457857944839768, guid: 57c044ede6eac6246be882b8609dda13, type: 3}
      propertyPath: m_LocalRotation.x
      value: -0
      objectReference: {fileID: 0}
    - target: {fileID: 5862457857944839768, guid: 57c044ede6eac6246be882b8609dda13, type: 3}
      propertyPath: m_LocalRotation.y
      value: -0
      objectReference: {fileID: 0}
    - target: {fileID: 5862457857944839768, guid: 57c044ede6eac6246be882b8609dda13, type: 3}
      propertyPath: m_LocalRotation.z
      value: -0
      objectReference: {fileID: 0}
    - target: {fileID: 5862457857944839768, guid: 57c044ede6eac6246be882b8609dda13, type: 3}
      propertyPath: m_LocalEulerAnglesHint.x
      value: 0
      objectReference: {fileID: 0}
    - target: {fileID: 5862457857944839768, guid: 57c044ede6eac6246be882b8609dda13, type: 3}
      propertyPath: m_LocalEulerAnglesHint.y
      value: 0
      objectReference: {fileID: 0}
    - target: {fileID: 5862457857944839768, guid: 57c044ede6eac6246be882b8609dda13, type: 3}
      propertyPath: m_LocalEulerAnglesHint.z
      value: 0
      objectReference: {fileID: 0}
    - target: {fileID: 6803862111876231711, guid: 57c044ede6eac6246be882b8609dda13, type: 3}
      propertyPath: m_Name
      value: CarrosselBase
      objectReference: {fileID: 0}
    m_RemovedComponents: []
  m_SourcePrefab: {fileID: 100100000, guid: 57c044ede6eac6246be882b8609dda13, type: 3}
--- !u!4 &571437791939569887 stripped
Transform:
  m_CorrespondingSourceObject: {fileID: 5862457857944839768, guid: 57c044ede6eac6246be882b8609dda13, type: 3}
  m_PrefabInstance: {fileID: 6248047360706170503}
  m_PrefabAsset: {fileID: 0}
--- !u!1001 &6248047360954114348
PrefabInstance:
  m_ObjectHideFlags: 0
  serializedVersion: 2
  m_Modification:
    m_TransformParent: {fileID: 3028596261061158580}
    m_Modifications:
    - target: {fileID: 4873870842421729094, guid: 57c044ede6eac6246be882b8609dda13, type: 3}
      propertyPath: sceneViewId
      value: 5
      objectReference: {fileID: 0}
    - target: {fileID: 5862457857944839768, guid: 57c044ede6eac6246be882b8609dda13, type: 3}
      propertyPath: m_RootOrder
      value: 1
      objectReference: {fileID: 0}
    - target: {fileID: 5862457857944839768, guid: 57c044ede6eac6246be882b8609dda13, type: 3}
      propertyPath: m_LocalScale.x
      value: 1
      objectReference: {fileID: 0}
    - target: {fileID: 5862457857944839768, guid: 57c044ede6eac6246be882b8609dda13, type: 3}
      propertyPath: m_LocalScale.y
      value: 1
      objectReference: {fileID: 0}
    - target: {fileID: 5862457857944839768, guid: 57c044ede6eac6246be882b8609dda13, type: 3}
      propertyPath: m_LocalScale.z
      value: 1
      objectReference: {fileID: 0}
    - target: {fileID: 5862457857944839768, guid: 57c044ede6eac6246be882b8609dda13, type: 3}
      propertyPath: m_LocalPosition.x
      value: 0
      objectReference: {fileID: 0}
    - target: {fileID: 5862457857944839768, guid: 57c044ede6eac6246be882b8609dda13, type: 3}
      propertyPath: m_LocalPosition.y
      value: 0
      objectReference: {fileID: 0}
    - target: {fileID: 5862457857944839768, guid: 57c044ede6eac6246be882b8609dda13, type: 3}
      propertyPath: m_LocalPosition.z
      value: -13.01
      objectReference: {fileID: 0}
    - target: {fileID: 5862457857944839768, guid: 57c044ede6eac6246be882b8609dda13, type: 3}
      propertyPath: m_LocalRotation.w
      value: 1
      objectReference: {fileID: 0}
    - target: {fileID: 5862457857944839768, guid: 57c044ede6eac6246be882b8609dda13, type: 3}
      propertyPath: m_LocalRotation.x
      value: -0
      objectReference: {fileID: 0}
    - target: {fileID: 5862457857944839768, guid: 57c044ede6eac6246be882b8609dda13, type: 3}
      propertyPath: m_LocalRotation.y
      value: -0
      objectReference: {fileID: 0}
    - target: {fileID: 5862457857944839768, guid: 57c044ede6eac6246be882b8609dda13, type: 3}
      propertyPath: m_LocalRotation.z
      value: -0
      objectReference: {fileID: 0}
    - target: {fileID: 5862457857944839768, guid: 57c044ede6eac6246be882b8609dda13, type: 3}
      propertyPath: m_LocalEulerAnglesHint.x
      value: 0
      objectReference: {fileID: 0}
    - target: {fileID: 5862457857944839768, guid: 57c044ede6eac6246be882b8609dda13, type: 3}
      propertyPath: m_LocalEulerAnglesHint.y
      value: 0
      objectReference: {fileID: 0}
    - target: {fileID: 5862457857944839768, guid: 57c044ede6eac6246be882b8609dda13, type: 3}
      propertyPath: m_LocalEulerAnglesHint.z
      value: 0
      objectReference: {fileID: 0}
    - target: {fileID: 6803862111876231711, guid: 57c044ede6eac6246be882b8609dda13, type: 3}
      propertyPath: m_Name
      value: CarrosselBase
      objectReference: {fileID: 0}
    m_RemovedComponents: []
  m_SourcePrefab: {fileID: 100100000, guid: 57c044ede6eac6246be882b8609dda13, type: 3}
--- !u!4 &571437791607736180 stripped
Transform:
  m_CorrespondingSourceObject: {fileID: 5862457857944839768, guid: 57c044ede6eac6246be882b8609dda13, type: 3}
  m_PrefabInstance: {fileID: 6248047360954114348}
  m_PrefabAsset: {fileID: 0}
--- !u!1001 &6248047361875102820
PrefabInstance:
  m_ObjectHideFlags: 0
  serializedVersion: 2
  m_Modification:
    m_TransformParent: {fileID: 3028596261061158580}
    m_Modifications:
    - target: {fileID: 3846065130496360541, guid: 57c044ede6eac6246be882b8609dda13, type: 3}
      propertyPath: velocidade
      value: 3
      objectReference: {fileID: 0}
    - target: {fileID: 4873870842421729094, guid: 57c044ede6eac6246be882b8609dda13, type: 3}
      propertyPath: sceneViewId
      value: 8
      objectReference: {fileID: 0}
    - target: {fileID: 5862457857944839768, guid: 57c044ede6eac6246be882b8609dda13, type: 3}
      propertyPath: m_RootOrder
      value: 3
      objectReference: {fileID: 0}
    - target: {fileID: 5862457857944839768, guid: 57c044ede6eac6246be882b8609dda13, type: 3}
      propertyPath: m_LocalScale.x
      value: 1
      objectReference: {fileID: 0}
    - target: {fileID: 5862457857944839768, guid: 57c044ede6eac6246be882b8609dda13, type: 3}
      propertyPath: m_LocalScale.y
      value: 1
      objectReference: {fileID: 0}
    - target: {fileID: 5862457857944839768, guid: 57c044ede6eac6246be882b8609dda13, type: 3}
      propertyPath: m_LocalScale.z
      value: 1
      objectReference: {fileID: 0}
    - target: {fileID: 5862457857944839768, guid: 57c044ede6eac6246be882b8609dda13, type: 3}
      propertyPath: m_LocalPosition.x
      value: 15.8
      objectReference: {fileID: 0}
    - target: {fileID: 5862457857944839768, guid: 57c044ede6eac6246be882b8609dda13, type: 3}
      propertyPath: m_LocalPosition.y
      value: 0
      objectReference: {fileID: 0}
    - target: {fileID: 5862457857944839768, guid: 57c044ede6eac6246be882b8609dda13, type: 3}
      propertyPath: m_LocalPosition.z
      value: 0
      objectReference: {fileID: 0}
    - target: {fileID: 5862457857944839768, guid: 57c044ede6eac6246be882b8609dda13, type: 3}
      propertyPath: m_LocalRotation.w
      value: 1
      objectReference: {fileID: 0}
    - target: {fileID: 5862457857944839768, guid: 57c044ede6eac6246be882b8609dda13, type: 3}
      propertyPath: m_LocalRotation.x
      value: -0
      objectReference: {fileID: 0}
    - target: {fileID: 5862457857944839768, guid: 57c044ede6eac6246be882b8609dda13, type: 3}
      propertyPath: m_LocalRotation.y
      value: -0
      objectReference: {fileID: 0}
    - target: {fileID: 5862457857944839768, guid: 57c044ede6eac6246be882b8609dda13, type: 3}
      propertyPath: m_LocalRotation.z
      value: -0
      objectReference: {fileID: 0}
    - target: {fileID: 5862457857944839768, guid: 57c044ede6eac6246be882b8609dda13, type: 3}
      propertyPath: m_LocalEulerAnglesHint.x
      value: 0
      objectReference: {fileID: 0}
    - target: {fileID: 5862457857944839768, guid: 57c044ede6eac6246be882b8609dda13, type: 3}
      propertyPath: m_LocalEulerAnglesHint.y
      value: 0
      objectReference: {fileID: 0}
    - target: {fileID: 5862457857944839768, guid: 57c044ede6eac6246be882b8609dda13, type: 3}
      propertyPath: m_LocalEulerAnglesHint.z
      value: 0
      objectReference: {fileID: 0}
    - target: {fileID: 6803862111876231711, guid: 57c044ede6eac6246be882b8609dda13, type: 3}
      propertyPath: m_Name
      value: CarrosselBase
      objectReference: {fileID: 0}
    m_RemovedComponents: []
  m_SourcePrefab: {fileID: 100100000, guid: 57c044ede6eac6246be882b8609dda13, type: 3}
--- !u!4 &571437790955186748 stripped
Transform:
  m_CorrespondingSourceObject: {fileID: 5862457857944839768, guid: 57c044ede6eac6246be882b8609dda13, type: 3}
  m_PrefabInstance: {fileID: 6248047361875102820}
  m_PrefabAsset: {fileID: 0}
--- !u!1001 &6248047362241463775
PrefabInstance:
  m_ObjectHideFlags: 0
  serializedVersion: 2
  m_Modification:
    m_TransformParent: {fileID: 3028596261061158580}
    m_Modifications:
    - target: {fileID: 2493182199148254531, guid: 57c044ede6eac6246be882b8609dda13, type: 3}
      propertyPath: m_StaticEditorFlags
      value: 0
      objectReference: {fileID: 0}
    - target: {fileID: 3846065130496360541, guid: 57c044ede6eac6246be882b8609dda13, type: 3}
      propertyPath: velocidade
      value: 3
      objectReference: {fileID: 0}
    - target: {fileID: 4873870842421729094, guid: 57c044ede6eac6246be882b8609dda13, type: 3}
      propertyPath: sceneViewId
      value: 4
      objectReference: {fileID: 0}
    - target: {fileID: 5862457857944839768, guid: 57c044ede6eac6246be882b8609dda13, type: 3}
      propertyPath: m_RootOrder
      value: 0
      objectReference: {fileID: 0}
    - target: {fileID: 5862457857944839768, guid: 57c044ede6eac6246be882b8609dda13, type: 3}
      propertyPath: m_LocalScale.x
      value: 1
      objectReference: {fileID: 0}
    - target: {fileID: 5862457857944839768, guid: 57c044ede6eac6246be882b8609dda13, type: 3}
      propertyPath: m_LocalScale.y
      value: 1
      objectReference: {fileID: 0}
    - target: {fileID: 5862457857944839768, guid: 57c044ede6eac6246be882b8609dda13, type: 3}
      propertyPath: m_LocalScale.z
      value: 1
      objectReference: {fileID: 0}
    - target: {fileID: 5862457857944839768, guid: 57c044ede6eac6246be882b8609dda13, type: 3}
      propertyPath: m_LocalPosition.x
      value: 0
      objectReference: {fileID: 0}
    - target: {fileID: 5862457857944839768, guid: 57c044ede6eac6246be882b8609dda13, type: 3}
      propertyPath: m_LocalPosition.y
      value: 0
      objectReference: {fileID: 0}
    - target: {fileID: 5862457857944839768, guid: 57c044ede6eac6246be882b8609dda13, type: 3}
      propertyPath: m_LocalPosition.z
      value: 13.01
      objectReference: {fileID: 0}
    - target: {fileID: 5862457857944839768, guid: 57c044ede6eac6246be882b8609dda13, type: 3}
      propertyPath: m_LocalRotation.w
      value: 0.9746278
      objectReference: {fileID: 0}
    - target: {fileID: 5862457857944839768, guid: 57c044ede6eac6246be882b8609dda13, type: 3}
      propertyPath: m_LocalRotation.x
      value: -0
      objectReference: {fileID: 0}
    - target: {fileID: 5862457857944839768, guid: 57c044ede6eac6246be882b8609dda13, type: 3}
      propertyPath: m_LocalRotation.y
      value: -0.2238322
      objectReference: {fileID: 0}
    - target: {fileID: 5862457857944839768, guid: 57c044ede6eac6246be882b8609dda13, type: 3}
      propertyPath: m_LocalRotation.z
      value: -0
      objectReference: {fileID: 0}
    - target: {fileID: 5862457857944839768, guid: 57c044ede6eac6246be882b8609dda13, type: 3}
      propertyPath: m_LocalEulerAnglesHint.x
      value: 0
      objectReference: {fileID: 0}
    - target: {fileID: 5862457857944839768, guid: 57c044ede6eac6246be882b8609dda13, type: 3}
      propertyPath: m_LocalEulerAnglesHint.y
      value: -25.868
      objectReference: {fileID: 0}
    - target: {fileID: 5862457857944839768, guid: 57c044ede6eac6246be882b8609dda13, type: 3}
      propertyPath: m_LocalEulerAnglesHint.z
      value: 0
      objectReference: {fileID: 0}
    - target: {fileID: 6803862111876231711, guid: 57c044ede6eac6246be882b8609dda13, type: 3}
      propertyPath: m_Name
      value: CarrosselBase
      objectReference: {fileID: 0}
    m_RemovedComponents: []
  m_SourcePrefab: {fileID: 100100000, guid: 57c044ede6eac6246be882b8609dda13, type: 3}
--- !u!4 &571437790655931271 stripped
Transform:
  m_CorrespondingSourceObject: {fileID: 5862457857944839768, guid: 57c044ede6eac6246be882b8609dda13, type: 3}
  m_PrefabInstance: {fileID: 6248047362241463775}
  m_PrefabAsset: {fileID: 0}
--- !u!1001 &6248047362277577975
PrefabInstance:
  m_ObjectHideFlags: 0
  serializedVersion: 2
  m_Modification:
    m_TransformParent: {fileID: 3028596261061158580}
    m_Modifications:
    - target: {fileID: 3846065130496360541, guid: 57c044ede6eac6246be882b8609dda13, type: 3}
      propertyPath: velocidade
      value: 3
      objectReference: {fileID: 0}
    - target: {fileID: 4873870842421729094, guid: 57c044ede6eac6246be882b8609dda13, type: 3}
      propertyPath: sceneViewId
      value: 6
      objectReference: {fileID: 0}
    - target: {fileID: 5862457857944839768, guid: 57c044ede6eac6246be882b8609dda13, type: 3}
      propertyPath: m_RootOrder
      value: 2
      objectReference: {fileID: 0}
    - target: {fileID: 5862457857944839768, guid: 57c044ede6eac6246be882b8609dda13, type: 3}
      propertyPath: m_LocalScale.x
      value: 1
      objectReference: {fileID: 0}
    - target: {fileID: 5862457857944839768, guid: 57c044ede6eac6246be882b8609dda13, type: 3}
      propertyPath: m_LocalScale.y
      value: 1
      objectReference: {fileID: 0}
    - target: {fileID: 5862457857944839768, guid: 57c044ede6eac6246be882b8609dda13, type: 3}
      propertyPath: m_LocalScale.z
      value: 1
      objectReference: {fileID: 0}
    - target: {fileID: 5862457857944839768, guid: 57c044ede6eac6246be882b8609dda13, type: 3}
      propertyPath: m_LocalPosition.x
      value: -15.02
      objectReference: {fileID: 0}
    - target: {fileID: 5862457857944839768, guid: 57c044ede6eac6246be882b8609dda13, type: 3}
      propertyPath: m_LocalPosition.y
      value: 0
      objectReference: {fileID: 0}
    - target: {fileID: 5862457857944839768, guid: 57c044ede6eac6246be882b8609dda13, type: 3}
      propertyPath: m_LocalPosition.z
      value: 0
      objectReference: {fileID: 0}
    - target: {fileID: 5862457857944839768, guid: 57c044ede6eac6246be882b8609dda13, type: 3}
      propertyPath: m_LocalRotation.w
      value: 1
      objectReference: {fileID: 0}
    - target: {fileID: 5862457857944839768, guid: 57c044ede6eac6246be882b8609dda13, type: 3}
      propertyPath: m_LocalRotation.x
      value: -0
      objectReference: {fileID: 0}
    - target: {fileID: 5862457857944839768, guid: 57c044ede6eac6246be882b8609dda13, type: 3}
      propertyPath: m_LocalRotation.y
      value: -0
      objectReference: {fileID: 0}
    - target: {fileID: 5862457857944839768, guid: 57c044ede6eac6246be882b8609dda13, type: 3}
      propertyPath: m_LocalRotation.z
      value: -0
      objectReference: {fileID: 0}
    - target: {fileID: 5862457857944839768, guid: 57c044ede6eac6246be882b8609dda13, type: 3}
      propertyPath: m_LocalEulerAnglesHint.x
      value: 0
      objectReference: {fileID: 0}
    - target: {fileID: 5862457857944839768, guid: 57c044ede6eac6246be882b8609dda13, type: 3}
      propertyPath: m_LocalEulerAnglesHint.y
      value: 0
      objectReference: {fileID: 0}
    - target: {fileID: 5862457857944839768, guid: 57c044ede6eac6246be882b8609dda13, type: 3}
      propertyPath: m_LocalEulerAnglesHint.z
      value: 0
      objectReference: {fileID: 0}
    - target: {fileID: 6803862111876231711, guid: 57c044ede6eac6246be882b8609dda13, type: 3}
      propertyPath: m_Name
      value: CarrosselBase
      objectReference: {fileID: 0}
    m_RemovedComponents: []
  m_SourcePrefab: {fileID: 100100000, guid: 57c044ede6eac6246be882b8609dda13, type: 3}
--- !u!4 &571437790284280495 stripped
Transform:
  m_CorrespondingSourceObject: {fileID: 5862457857944839768, guid: 57c044ede6eac6246be882b8609dda13, type: 3}
  m_PrefabInstance: {fileID: 6248047362277577975}
  m_PrefabAsset: {fileID: 0}
--- !u!1001 &6248047362419973225
PrefabInstance:
  m_ObjectHideFlags: 0
  serializedVersion: 2
  m_Modification:
    m_TransformParent: {fileID: 3028596261061158580}
    m_Modifications:
    - target: {fileID: 3846065130496360541, guid: 57c044ede6eac6246be882b8609dda13, type: 3}
      propertyPath: velocidade
      value: 3
      objectReference: {fileID: 0}
    - target: {fileID: 4873870842421729094, guid: 57c044ede6eac6246be882b8609dda13, type: 3}
      propertyPath: sceneViewId
      value: 9
      objectReference: {fileID: 0}
    - target: {fileID: 5862457857944839768, guid: 57c044ede6eac6246be882b8609dda13, type: 3}
      propertyPath: m_RootOrder
      value: 4
      objectReference: {fileID: 0}
    - target: {fileID: 5862457857944839768, guid: 57c044ede6eac6246be882b8609dda13, type: 3}
      propertyPath: m_LocalScale.x
      value: 1
      objectReference: {fileID: 0}
    - target: {fileID: 5862457857944839768, guid: 57c044ede6eac6246be882b8609dda13, type: 3}
      propertyPath: m_LocalScale.y
      value: 1
      objectReference: {fileID: 0}
    - target: {fileID: 5862457857944839768, guid: 57c044ede6eac6246be882b8609dda13, type: 3}
      propertyPath: m_LocalScale.z
      value: 1
      objectReference: {fileID: 0}
    - target: {fileID: 5862457857944839768, guid: 57c044ede6eac6246be882b8609dda13, type: 3}
      propertyPath: m_LocalPosition.x
      value: -10.79
      objectReference: {fileID: 0}
    - target: {fileID: 5862457857944839768, guid: 57c044ede6eac6246be882b8609dda13, type: 3}
      propertyPath: m_LocalPosition.y
      value: 0
      objectReference: {fileID: 0}
    - target: {fileID: 5862457857944839768, guid: 57c044ede6eac6246be882b8609dda13, type: 3}
      propertyPath: m_LocalPosition.z
      value: 8.77
      objectReference: {fileID: 0}
    - target: {fileID: 5862457857944839768, guid: 57c044ede6eac6246be882b8609dda13, type: 3}
      propertyPath: m_LocalRotation.w
      value: 1
      objectReference: {fileID: 0}
    - target: {fileID: 5862457857944839768, guid: 57c044ede6eac6246be882b8609dda13, type: 3}
      propertyPath: m_LocalRotation.x
      value: -0
      objectReference: {fileID: 0}
    - target: {fileID: 5862457857944839768, guid: 57c044ede6eac6246be882b8609dda13, type: 3}
      propertyPath: m_LocalRotation.y
      value: -0
      objectReference: {fileID: 0}
    - target: {fileID: 5862457857944839768, guid: 57c044ede6eac6246be882b8609dda13, type: 3}
      propertyPath: m_LocalRotation.z
      value: -0
      objectReference: {fileID: 0}
    - target: {fileID: 5862457857944839768, guid: 57c044ede6eac6246be882b8609dda13, type: 3}
      propertyPath: m_LocalEulerAnglesHint.x
      value: 0
      objectReference: {fileID: 0}
    - target: {fileID: 5862457857944839768, guid: 57c044ede6eac6246be882b8609dda13, type: 3}
      propertyPath: m_LocalEulerAnglesHint.y
      value: 0
      objectReference: {fileID: 0}
    - target: {fileID: 5862457857944839768, guid: 57c044ede6eac6246be882b8609dda13, type: 3}
      propertyPath: m_LocalEulerAnglesHint.z
      value: 0
      objectReference: {fileID: 0}
    - target: {fileID: 6803862111876231711, guid: 57c044ede6eac6246be882b8609dda13, type: 3}
      propertyPath: m_Name
      value: CarrosselBase
      objectReference: {fileID: 0}
    m_RemovedComponents: []
  m_SourcePrefab: {fileID: 100100000, guid: 57c044ede6eac6246be882b8609dda13, type: 3}
--- !u!4 &571437790427101745 stripped
Transform:
  m_CorrespondingSourceObject: {fileID: 5862457857944839768, guid: 57c044ede6eac6246be882b8609dda13, type: 3}
  m_PrefabInstance: {fileID: 6248047362419973225}
  m_PrefabAsset: {fileID: 0}
--- !u!1001 &6325282502985337653
PrefabInstance:
  m_ObjectHideFlags: 0
  serializedVersion: 2
  m_Modification:
    m_TransformParent: {fileID: 3028596261061158580}
    m_Modifications:
    - target: {fileID: 2493182199148254531, guid: 57c044ede6eac6246be882b8609dda13, type: 3}
      propertyPath: m_StaticEditorFlags
      value: 0
      objectReference: {fileID: 0}
    - target: {fileID: 4873870842421729094, guid: 57c044ede6eac6246be882b8609dda13, type: 3}
      propertyPath: sceneViewId
      value: 7
      objectReference: {fileID: 0}
    - target: {fileID: 5862457857944839768, guid: 57c044ede6eac6246be882b8609dda13, type: 3}
      propertyPath: m_RootOrder
      value: 7
      objectReference: {fileID: 0}
    - target: {fileID: 5862457857944839768, guid: 57c044ede6eac6246be882b8609dda13, type: 3}
      propertyPath: m_LocalScale.x
      value: 1
      objectReference: {fileID: 0}
    - target: {fileID: 5862457857944839768, guid: 57c044ede6eac6246be882b8609dda13, type: 3}
      propertyPath: m_LocalScale.y
      value: 1
      objectReference: {fileID: 0}
    - target: {fileID: 5862457857944839768, guid: 57c044ede6eac6246be882b8609dda13, type: 3}
      propertyPath: m_LocalScale.z
      value: 1
      objectReference: {fileID: 0}
    - target: {fileID: 5862457857944839768, guid: 57c044ede6eac6246be882b8609dda13, type: 3}
      propertyPath: m_LocalPosition.x
      value: 10.1
      objectReference: {fileID: 0}
    - target: {fileID: 5862457857944839768, guid: 57c044ede6eac6246be882b8609dda13, type: 3}
      propertyPath: m_LocalPosition.y
      value: 0
      objectReference: {fileID: 0}
    - target: {fileID: 5862457857944839768, guid: 57c044ede6eac6246be882b8609dda13, type: 3}
      propertyPath: m_LocalPosition.z
      value: 8.28
      objectReference: {fileID: 0}
    - target: {fileID: 5862457857944839768, guid: 57c044ede6eac6246be882b8609dda13, type: 3}
      propertyPath: m_LocalRotation.w
      value: 1
      objectReference: {fileID: 0}
    - target: {fileID: 5862457857944839768, guid: 57c044ede6eac6246be882b8609dda13, type: 3}
      propertyPath: m_LocalRotation.x
      value: -0
      objectReference: {fileID: 0}
    - target: {fileID: 5862457857944839768, guid: 57c044ede6eac6246be882b8609dda13, type: 3}
      propertyPath: m_LocalRotation.y
      value: -0
      objectReference: {fileID: 0}
    - target: {fileID: 5862457857944839768, guid: 57c044ede6eac6246be882b8609dda13, type: 3}
      propertyPath: m_LocalRotation.z
      value: -0
      objectReference: {fileID: 0}
    - target: {fileID: 5862457857944839768, guid: 57c044ede6eac6246be882b8609dda13, type: 3}
      propertyPath: m_LocalEulerAnglesHint.x
      value: 0
      objectReference: {fileID: 0}
    - target: {fileID: 5862457857944839768, guid: 57c044ede6eac6246be882b8609dda13, type: 3}
      propertyPath: m_LocalEulerAnglesHint.y
      value: 0
      objectReference: {fileID: 0}
    - target: {fileID: 5862457857944839768, guid: 57c044ede6eac6246be882b8609dda13, type: 3}
      propertyPath: m_LocalEulerAnglesHint.z
      value: 0
      objectReference: {fileID: 0}
    - target: {fileID: 6803862111876231711, guid: 57c044ede6eac6246be882b8609dda13, type: 3}
      propertyPath: m_Name
      value: CarrosselBase (1)
      objectReference: {fileID: 0}
    - target: {fileID: 6803862111876231711, guid: 57c044ede6eac6246be882b8609dda13, type: 3}
      propertyPath: m_StaticEditorFlags
      value: 0
      objectReference: {fileID: 0}
    m_RemovedComponents: []
  m_SourcePrefab: {fileID: 100100000, guid: 57c044ede6eac6246be882b8609dda13, type: 3}
--- !u!4 &476335581397298541 stripped
Transform:
  m_CorrespondingSourceObject: {fileID: 5862457857944839768, guid: 57c044ede6eac6246be882b8609dda13, type: 3}
  m_PrefabInstance: {fileID: 6325282502985337653}
  m_PrefabAsset: {fileID: 0}
