%YAML 1.1
%TAG !u! tag:unity3d.com,2011:
--- !u!29 &1
OcclusionCullingSettings:
  m_ObjectHideFlags: 0
  serializedVersion: 2
  m_OcclusionBakeSettings:
    smallestOccluder: 5
    smallestHole: 0.25
    backfaceThreshold: 100
  m_SceneGUID: 00000000000000000000000000000000
  m_OcclusionCullingData: {fileID: 0}
--- !u!104 &2
RenderSettings:
  m_ObjectHideFlags: 0
  serializedVersion: 9
  m_Fog: 0
  m_FogColor: {r: 0.5, g: 0.5, b: 0.5, a: 1}
  m_FogMode: 3
  m_FogDensity: 0.01
  m_LinearFogStart: 0
  m_LinearFogEnd: 300
  m_AmbientSkyColor: {r: 0.8962264, g: 0.8962264, b: 0.8962264, a: 1}
  m_AmbientEquatorColor: {r: 0.38679248, g: 0.38679248, b: 0.38679248, a: 1}
  m_AmbientGroundColor: {r: 1, g: 1, b: 1, a: 1}
  m_AmbientIntensity: 1.2
  m_AmbientMode: 1
  m_SubtractiveShadowColor: {r: 1, g: 1, b: 1, a: 0.30588236}
  m_SkyboxMaterial: {fileID: 2100000, guid: b13109bc4674dd24ebc04b7c12437ad6, type: 2}
  m_HaloStrength: 1
  m_FlareStrength: 0.996
  m_FlareFadeSpeed: 3
  m_HaloTexture: {fileID: 0}
  m_SpotCookie: {fileID: 10001, guid: 0000000000000000e000000000000000, type: 0}
  m_DefaultReflectionMode: 0
  m_DefaultReflectionResolution: 128
  m_ReflectionBounces: 3
  m_ReflectionIntensity: 1
  m_CustomReflection: {fileID: 0}
  m_Sun: {fileID: 0}
  m_IndirectSpecularColor: {r: 0.18869194, g: 0.23018667, b: 0.19746283, a: 1}
  m_UseRadianceAmbientProbe: 0
--- !u!157 &3
LightmapSettings:
  m_ObjectHideFlags: 0
  serializedVersion: 12
  m_GIWorkflowMode: 1
  m_GISettings:
    serializedVersion: 2
    m_BounceScale: 1
    m_IndirectOutputScale: 1
    m_AlbedoBoost: 1
    m_EnvironmentLightingMode: 0
    m_EnableBakedLightmaps: 1
    m_EnableRealtimeLightmaps: 0
  m_LightmapEditorSettings:
    serializedVersion: 12
    m_Resolution: 2
    m_BakeResolution: 40
    m_AtlasSize: 1024
    m_AO: 0
    m_AOMaxDistance: 1
    m_CompAOExponent: 1
    m_CompAOExponentDirect: 0
    m_ExtractAmbientOcclusion: 0
    m_Padding: 2
    m_LightmapParameters: {fileID: 0}
    m_LightmapsBakeMode: 1
    m_TextureCompression: 1
    m_FinalGather: 0
    m_FinalGatherFiltering: 1
    m_FinalGatherRayCount: 256
    m_ReflectionCompression: 2
    m_MixedBakeMode: 2
    m_BakeBackend: 1
    m_PVRSampling: 1
    m_PVRDirectSampleCount: 32
    m_PVRSampleCount: 512
    m_PVRBounces: 2
    m_PVREnvironmentSampleCount: 256
    m_PVREnvironmentReferencePointCount: 2048
    m_PVRFilteringMode: 1
    m_PVRDenoiserTypeDirect: 1
    m_PVRDenoiserTypeIndirect: 1
    m_PVRDenoiserTypeAO: 1
    m_PVRFilterTypeDirect: 0
    m_PVRFilterTypeIndirect: 0
    m_PVRFilterTypeAO: 0
    m_PVREnvironmentMIS: 1
    m_PVRCulling: 1
    m_PVRFilteringGaussRadiusDirect: 1
    m_PVRFilteringGaussRadiusIndirect: 5
    m_PVRFilteringGaussRadiusAO: 2
    m_PVRFilteringAtrousPositionSigmaDirect: 0.5
    m_PVRFilteringAtrousPositionSigmaIndirect: 2
    m_PVRFilteringAtrousPositionSigmaAO: 1
    m_ExportTrainingData: 0
    m_TrainingDataDestination: TrainingData
    m_LightProbeSampleCountMultiplier: 4
  m_LightingDataAsset: {fileID: 0}
  m_LightingSettings: {fileID: 0}
--- !u!196 &4
NavMeshSettings:
  serializedVersion: 2
  m_ObjectHideFlags: 0
  m_BuildSettings:
    serializedVersion: 2
    agentTypeID: 0
    agentRadius: 0.5
    agentHeight: 3
    agentSlope: 60
    agentClimb: 2
    ledgeDropHeight: 2
    maxJumpAcrossDistance: 2
    minRegionArea: 2
    manualCellSize: 0
    cellSize: 0.16666667
    manualTileSize: 0
    tileSize: 256
    accuratePlacement: 0
    maxJobWorkers: 0
    preserveTilesOutsideBounds: 0
    debug:
      m_Flags: 0
  m_NavMeshData: {fileID: 23800000, guid: 0f74946bdcf96ab4ca321b08d40b4378, type: 2}
--- !u!1001 &228234083
PrefabInstance:
  m_ObjectHideFlags: 0
  serializedVersion: 2
  m_Modification:
    m_TransformParent: {fileID: 0}
    m_Modifications:
    - target: {fileID: 2877323731923445141, guid: 7b48059f4a5b392479ddbba40676a3ac, type: 3}
      propertyPath: m_Name
      value: LinhaLargada
      objectReference: {fileID: 0}
    - target: {fileID: 5936815696650235770, guid: 7b48059f4a5b392479ddbba40676a3ac, type: 3}
      propertyPath: m_RootOrder
      value: 4
      objectReference: {fileID: 0}
    - target: {fileID: 5936815696650235770, guid: 7b48059f4a5b392479ddbba40676a3ac, type: 3}
      propertyPath: m_LocalScale.x
      value: 23.31827
      objectReference: {fileID: 0}
    - target: {fileID: 5936815696650235770, guid: 7b48059f4a5b392479ddbba40676a3ac, type: 3}
      propertyPath: m_LocalScale.z
      value: 7.2387967
      objectReference: {fileID: 0}
    - target: {fileID: 5936815696650235770, guid: 7b48059f4a5b392479ddbba40676a3ac, type: 3}
      propertyPath: m_LocalPosition.x
      value: 7.730011
      objectReference: {fileID: 0}
    - target: {fileID: 5936815696650235770, guid: 7b48059f4a5b392479ddbba40676a3ac, type: 3}
      propertyPath: m_LocalPosition.y
      value: 4.1399994
      objectReference: {fileID: 0}
    - target: {fileID: 5936815696650235770, guid: 7b48059f4a5b392479ddbba40676a3ac, type: 3}
      propertyPath: m_LocalPosition.z
      value: -24.786285
      objectReference: {fileID: 0}
    - target: {fileID: 5936815696650235770, guid: 7b48059f4a5b392479ddbba40676a3ac, type: 3}
      propertyPath: m_LocalRotation.w
      value: 1
      objectReference: {fileID: 0}
    - target: {fileID: 5936815696650235770, guid: 7b48059f4a5b392479ddbba40676a3ac, type: 3}
      propertyPath: m_LocalRotation.x
      value: -0
      objectReference: {fileID: 0}
    - target: {fileID: 5936815696650235770, guid: 7b48059f4a5b392479ddbba40676a3ac, type: 3}
      propertyPath: m_LocalRotation.y
      value: -0
      objectReference: {fileID: 0}
    - target: {fileID: 5936815696650235770, guid: 7b48059f4a5b392479ddbba40676a3ac, type: 3}
      propertyPath: m_LocalRotation.z
      value: -0
      objectReference: {fileID: 0}
    - target: {fileID: 5936815696650235770, guid: 7b48059f4a5b392479ddbba40676a3ac, type: 3}
      propertyPath: m_LocalEulerAnglesHint.x
      value: 0
      objectReference: {fileID: 0}
    - target: {fileID: 5936815696650235770, guid: 7b48059f4a5b392479ddbba40676a3ac, type: 3}
      propertyPath: m_LocalEulerAnglesHint.y
      value: 0
      objectReference: {fileID: 0}
    - target: {fileID: 5936815696650235770, guid: 7b48059f4a5b392479ddbba40676a3ac, type: 3}
      propertyPath: m_LocalEulerAnglesHint.z
      value: 0
      objectReference: {fileID: 0}
    m_RemovedComponents: []
  m_SourcePrefab: {fileID: 100100000, guid: 7b48059f4a5b392479ddbba40676a3ac, type: 3}
--- !u!1 &333233956
GameObject:
  m_ObjectHideFlags: 0
  m_CorrespondingSourceObject: {fileID: 0}
  m_PrefabInstance: {fileID: 0}
  m_PrefabAsset: {fileID: 0}
  serializedVersion: 6
  m_Component:
  - component: {fileID: 333233957}
  - component: {fileID: 333233960}
  - component: {fileID: 333233959}
  - component: {fileID: 333233958}
  m_Layer: 0
  m_Name: Checkpoint
  m_TagString: Untagged
  m_Icon: {fileID: 0}
  m_NavMeshLayer: 0
  m_StaticEditorFlags: 0
  m_IsActive: 1
--- !u!4 &333233957
Transform:
  m_ObjectHideFlags: 0
  m_CorrespondingSourceObject: {fileID: 0}
  m_PrefabInstance: {fileID: 0}
  m_PrefabAsset: {fileID: 0}
  m_GameObject: {fileID: 333233956}
  m_LocalRotation: {x: 0, y: 0, z: 0, w: 1}
  m_LocalPosition: {x: 140.35, y: -2.34, z: 15.15}
  m_LocalScale: {x: 5.9691453, y: 8.76, z: 18.25179}
  m_ConstrainProportionsScale: 0
  m_Children: []
  m_Father: {fileID: 1477063678}
  m_RootOrder: 0
  m_LocalEulerAnglesHint: {x: 0, y: 0, z: 0}
--- !u!82 &333233958
AudioSource:
  m_ObjectHideFlags: 0
  m_CorrespondingSourceObject: {fileID: 0}
  m_PrefabInstance: {fileID: 0}
  m_PrefabAsset: {fileID: 0}
  m_GameObject: {fileID: 333233956}
  m_Enabled: 1
  serializedVersion: 4
  OutputAudioMixerGroup: {fileID: 24300002, guid: dc300cf3f3b268145b080157010bb047, type: 2}
  m_audioClip: {fileID: 8300000, guid: 59c0fe7e000271643897e74ffebeedb8, type: 3}
  m_PlayOnAwake: 0
  m_Volume: 0.4
  m_Pitch: 1
  Loop: 0
  Mute: 0
  Spatialize: 0
  SpatializePostEffects: 0
  Priority: 128
  DopplerLevel: 1
  MinDistance: 1
  MaxDistance: 500
  Pan2D: 0
  rolloffMode: 0
  BypassEffects: 0
  BypassListenerEffects: 0
  BypassReverbZones: 0
  rolloffCustomCurve:
    serializedVersion: 2
    m_Curve:
    - serializedVersion: 3
      time: 0
      value: 1
      inSlope: 0
      outSlope: 0
      tangentMode: 0
      weightedMode: 0
      inWeight: 0.33333334
      outWeight: 0.33333334
    - serializedVersion: 3
      time: 1
      value: 0
      inSlope: 0
      outSlope: 0
      tangentMode: 0
      weightedMode: 0
      inWeight: 0.33333334
      outWeight: 0.33333334
    m_PreInfinity: 2
    m_PostInfinity: 2
    m_RotationOrder: 4
  panLevelCustomCurve:
    serializedVersion: 2
    m_Curve:
    - serializedVersion: 3
      time: 0
      value: 0
      inSlope: 0
      outSlope: 0
      tangentMode: 0
      weightedMode: 0
      inWeight: 0.33333334
      outWeight: 0.33333334
    m_PreInfinity: 2
    m_PostInfinity: 2
    m_RotationOrder: 4
  spreadCustomCurve:
    serializedVersion: 2
    m_Curve:
    - serializedVersion: 3
      time: 0
      value: 0
      inSlope: 0
      outSlope: 0
      tangentMode: 0
      weightedMode: 0
      inWeight: 0.33333334
      outWeight: 0.33333334
    m_PreInfinity: 2
    m_PostInfinity: 2
    m_RotationOrder: 4
  reverbZoneMixCustomCurve:
    serializedVersion: 2
    m_Curve:
    - serializedVersion: 3
      time: 0
      value: 1
      inSlope: 0
      outSlope: 0
      tangentMode: 0
      weightedMode: 0
      inWeight: 0.33333334
      outWeight: 0.33333334
    m_PreInfinity: 2
    m_PostInfinity: 2
    m_RotationOrder: 4
--- !u!114 &333233959
MonoBehaviour:
  m_ObjectHideFlags: 0
  m_CorrespondingSourceObject: {fileID: 0}
  m_PrefabInstance: {fileID: 0}
  m_PrefabAsset: {fileID: 0}
  m_GameObject: {fileID: 333233956}
  m_Enabled: 1
  m_EditorHideFlags: 0
  m_Script: {fileID: 11500000, guid: c717ebe667fa43b4f95532873522ca46, type: 3}
  m_Name: 
  m_EditorClassIdentifier: 
--- !u!65 &333233960
BoxCollider:
  m_ObjectHideFlags: 0
  m_CorrespondingSourceObject: {fileID: 0}
  m_PrefabInstance: {fileID: 0}
  m_PrefabAsset: {fileID: 0}
  m_GameObject: {fileID: 333233956}
  m_Material: {fileID: 0}
  m_IsTrigger: 1
  m_Enabled: 1
  serializedVersion: 2
  m_Size: {x: 1, y: 1, z: 1}
  m_Center: {x: 0, y: 0, z: 0}
--- !u!1001 &1012248037
PrefabInstance:
  m_ObjectHideFlags: 0
  serializedVersion: 2
  m_Modification:
    m_TransformParent: {fileID: 0}
    m_Modifications:
    - target: {fileID: 1267148764, guid: b4fe7255691051e46973f81b003c6abb, type: 3}
      propertyPath: m_VideoClip
      value: 
      objectReference: {fileID: 32900000, guid: 10332a49344d8eb429b78cfbc98b4072, type: 3}
    - target: {fileID: 1893408729, guid: b4fe7255691051e46973f81b003c6abb, type: 3}
      propertyPath: sceneViewId
      value: 1
      objectReference: {fileID: 0}
    - target: {fileID: 1893408730, guid: b4fe7255691051e46973f81b003c6abb, type: 3}
      propertyPath: canvasFundoVideo
      value: 
      objectReference: {fileID: 1012248038}
    - target: {fileID: 764679322790949000, guid: b4fe7255691051e46973f81b003c6abb, type: 3}
      propertyPath: m_Name
      value: SpawnManager
      objectReference: {fileID: 0}
    - target: {fileID: 764679322790949006, guid: b4fe7255691051e46973f81b003c6abb, type: 3}
      propertyPath: m_RootOrder
      value: 3
      objectReference: {fileID: 0}
    - target: {fileID: 764679322790949006, guid: b4fe7255691051e46973f81b003c6abb, type: 3}
      propertyPath: m_LocalPosition.x
      value: 7.230011
      objectReference: {fileID: 0}
    - target: {fileID: 764679322790949006, guid: b4fe7255691051e46973f81b003c6abb, type: 3}
      propertyPath: m_LocalPosition.y
      value: 7.819031
      objectReference: {fileID: 0}
    - target: {fileID: 764679322790949006, guid: b4fe7255691051e46973f81b003c6abb, type: 3}
      propertyPath: m_LocalPosition.z
      value: -15.979996
      objectReference: {fileID: 0}
    - target: {fileID: 764679322790949006, guid: b4fe7255691051e46973f81b003c6abb, type: 3}
      propertyPath: m_LocalRotation.w
      value: 0
      objectReference: {fileID: 0}
    - target: {fileID: 764679322790949006, guid: b4fe7255691051e46973f81b003c6abb, type: 3}
      propertyPath: m_LocalRotation.x
      value: -0
      objectReference: {fileID: 0}
    - target: {fileID: 764679322790949006, guid: b4fe7255691051e46973f81b003c6abb, type: 3}
      propertyPath: m_LocalRotation.y
      value: 1
      objectReference: {fileID: 0}
    - target: {fileID: 764679322790949006, guid: b4fe7255691051e46973f81b003c6abb, type: 3}
      propertyPath: m_LocalRotation.z
      value: -0
      objectReference: {fileID: 0}
    - target: {fileID: 764679322790949006, guid: b4fe7255691051e46973f81b003c6abb, type: 3}
      propertyPath: m_LocalEulerAnglesHint.x
      value: 0
      objectReference: {fileID: 0}
    - target: {fileID: 764679322790949006, guid: b4fe7255691051e46973f81b003c6abb, type: 3}
      propertyPath: m_LocalEulerAnglesHint.y
      value: 180
      objectReference: {fileID: 0}
    - target: {fileID: 764679322790949006, guid: b4fe7255691051e46973f81b003c6abb, type: 3}
      propertyPath: m_LocalEulerAnglesHint.z
      value: 0
      objectReference: {fileID: 0}
    - target: {fileID: 764679323052939494, guid: b4fe7255691051e46973f81b003c6abb, type: 3}
      propertyPath: m_LocalPosition.z
      value: 14.7
      objectReference: {fileID: 0}
    m_RemovedComponents: []
  m_SourcePrefab: {fileID: 100100000, guid: b4fe7255691051e46973f81b003c6abb, type: 3}
--- !u!1 &1012248038 stripped
GameObject:
  m_CorrespondingSourceObject: {fileID: 3576861258550562805, guid: b4fe7255691051e46973f81b003c6abb, type: 3}
  m_PrefabInstance: {fileID: 1012248037}
  m_PrefabAsset: {fileID: 0}
--- !u!1 &1477063677
GameObject:
  m_ObjectHideFlags: 0
  m_CorrespondingSourceObject: {fileID: 0}
  m_PrefabInstance: {fileID: 0}
  m_PrefabAsset: {fileID: 0}
  serializedVersion: 6
  m_Component:
  - component: {fileID: 1477063678}
  m_Layer: 0
  m_Name: Checkpoints
  m_TagString: Untagged
  m_Icon: {fileID: 0}
  m_NavMeshLayer: 0
  m_StaticEditorFlags: 0
  m_IsActive: 1
--- !u!4 &1477063678
Transform:
  m_ObjectHideFlags: 0
  m_CorrespondingSourceObject: {fileID: 0}
  m_PrefabInstance: {fileID: 0}
  m_PrefabAsset: {fileID: 0}
  m_GameObject: {fileID: 1477063677}
  m_LocalRotation: {x: 0, y: 0, z: 0, w: 1}
  m_LocalPosition: {x: -267.1, y: -6.5831223, z: -56.76559}
  m_LocalScale: {x: 1, y: 1, z: 1}
  m_ConstrainProportionsScale: 0
  m_Children:
  - {fileID: 333233957}
  m_Father: {fileID: 0}
  m_RootOrder: 5
  m_LocalEulerAnglesHint: {x: 0, y: 0, z: 0}
--- !u!1 &1635663454
GameObject:
  m_ObjectHideFlags: 0
  m_CorrespondingSourceObject: {fileID: 0}
  m_PrefabInstance: {fileID: 0}
  m_PrefabAsset: {fileID: 0}
  serializedVersion: 6
  m_Component:
  - component: {fileID: 1635663457}
  - component: {fileID: 1635663456}
  - component: {fileID: 1635663455}
  m_Layer: 0
  m_Name: EventSystem
  m_TagString: Untagged
  m_Icon: {fileID: 0}
  m_NavMeshLayer: 0
  m_StaticEditorFlags: 0
  m_IsActive: 1
--- !u!114 &1635663455
MonoBehaviour:
  m_ObjectHideFlags: 0
  m_CorrespondingSourceObject: {fileID: 0}
  m_PrefabInstance: {fileID: 0}
  m_PrefabAsset: {fileID: 0}
  m_GameObject: {fileID: 1635663454}
  m_Enabled: 1
  m_EditorHideFlags: 0
  m_Script: {fileID: 11500000, guid: 4f231c4fb786f3946a6b90b886c48677, type: 3}
  m_Name: 
  m_EditorClassIdentifier: 
  m_SendPointerHoverToParent: 1
  m_HorizontalAxis: Horizontal
  m_VerticalAxis: Vertical
  m_SubmitButton: Submit
  m_CancelButton: Cancel
  m_InputActionsPerSecond: 10
  m_RepeatDelay: 0.5
  m_ForceModuleActive: 0
--- !u!114 &1635663456
MonoBehaviour:
  m_ObjectHideFlags: 0
  m_CorrespondingSourceObject: {fileID: 0}
  m_PrefabInstance: {fileID: 0}
  m_PrefabAsset: {fileID: 0}
  m_GameObject: {fileID: 1635663454}
  m_Enabled: 1
  m_EditorHideFlags: 0
  m_Script: {fileID: 11500000, guid: 76c392e42b5098c458856cdf6ecaaaa1, type: 3}
  m_Name: 
  m_EditorClassIdentifier: 
  m_FirstSelected: {fileID: 0}
  m_sendNavigationEvents: 1
  m_DragThreshold: 10
--- !u!4 &1635663457
Transform:
  m_ObjectHideFlags: 0
  m_CorrespondingSourceObject: {fileID: 0}
  m_PrefabInstance: {fileID: 0}
  m_PrefabAsset: {fileID: 0}
  m_GameObject: {fileID: 1635663454}
  m_LocalRotation: {x: 0, y: 0, z: 0, w: 1}
  m_LocalPosition: {x: 0, y: 0, z: 0}
  m_LocalScale: {x: 1, y: 1, z: 1}
  m_ConstrainProportionsScale: 0
  m_Children: []
  m_Father: {fileID: 0}
  m_RootOrder: 0
  m_LocalEulerAnglesHint: {x: 0, y: 0, z: 0}
--- !u!1001 &630570376036205575
PrefabInstance:
  m_ObjectHideFlags: 0
  serializedVersion: 2
  m_Modification:
    m_TransformParent: {fileID: 0}
    m_Modifications:
    - target: {fileID: 498283002925848578, guid: f41842038c66ae045ab0807780a3e7ac, type: 3}
      propertyPath: sceneViewId
      value: 85
      objectReference: {fileID: 0}
    - target: {fileID: 630570375959457882, guid: f41842038c66ae045ab0807780a3e7ac, type: 3}
      propertyPath: sceneViewId
      value: 23
      objectReference: {fileID: 0}
    - target: {fileID: 630570375982182497, guid: f41842038c66ae045ab0807780a3e7ac, type: 3}
      propertyPath: sceneViewId
      value: 24
      objectReference: {fileID: 0}
    - target: {fileID: 630570376029109330, guid: f41842038c66ae045ab0807780a3e7ac, type: 3}
      propertyPath: sceneViewId
      value: 19
      objectReference: {fileID: 0}
    - target: {fileID: 630570376045472383, guid: f41842038c66ae045ab0807780a3e7ac, type: 3}
      propertyPath: sceneViewId
      value: 22
      objectReference: {fileID: 0}
    - target: {fileID: 630570376053784332, guid: f41842038c66ae045ab0807780a3e7ac, type: 3}
      propertyPath: sceneViewId
      value: 21
      objectReference: {fileID: 0}
    - target: {fileID: 630570376073276899, guid: f41842038c66ae045ab0807780a3e7ac, type: 3}
      propertyPath: sceneViewId
      value: 20
      objectReference: {fileID: 0}
    - target: {fileID: 630570376113245607, guid: f41842038c66ae045ab0807780a3e7ac, type: 3}
      propertyPath: sceneViewId
      value: 31
      objectReference: {fileID: 0}
    - target: {fileID: 630570376117051553, guid: f41842038c66ae045ab0807780a3e7ac, type: 3}
      propertyPath: sceneViewId
      value: 32
      objectReference: {fileID: 0}
    - target: {fileID: 630570376126249257, guid: f41842038c66ae045ab0807780a3e7ac, type: 3}
      propertyPath: sceneViewId
      value: 30
      objectReference: {fileID: 0}
    - target: {fileID: 630570376135736100, guid: f41842038c66ae045ab0807780a3e7ac, type: 3}
      propertyPath: sceneViewId
      value: 29
      objectReference: {fileID: 0}
    - target: {fileID: 630570376151234273, guid: f41842038c66ae045ab0807780a3e7ac, type: 3}
      propertyPath: sceneViewId
      value: 28
      objectReference: {fileID: 0}
    - target: {fileID: 630570376158193948, guid: f41842038c66ae045ab0807780a3e7ac, type: 3}
      propertyPath: sceneViewId
      value: 27
      objectReference: {fileID: 0}
    - target: {fileID: 630570376164069628, guid: f41842038c66ae045ab0807780a3e7ac, type: 3}
      propertyPath: sceneViewId
      value: 26
      objectReference: {fileID: 0}
    - target: {fileID: 630570376173832618, guid: f41842038c66ae045ab0807780a3e7ac, type: 3}
      propertyPath: sceneViewId
      value: 25
      objectReference: {fileID: 0}
    - target: {fileID: 630570376305498045, guid: f41842038c66ae045ab0807780a3e7ac, type: 3}
      propertyPath: sceneViewId
      value: 33
      objectReference: {fileID: 0}
    - target: {fileID: 630570376364636234, guid: f41842038c66ae045ab0807780a3e7ac, type: 3}
      propertyPath: sceneViewId
      value: 36
      objectReference: {fileID: 0}
    - target: {fileID: 630570376385718044, guid: f41842038c66ae045ab0807780a3e7ac, type: 3}
      propertyPath: sceneViewId
      value: 38
      objectReference: {fileID: 0}
    - target: {fileID: 630570376390325036, guid: f41842038c66ae045ab0807780a3e7ac, type: 3}
      propertyPath: sceneViewId
      value: 37
      objectReference: {fileID: 0}
    - target: {fileID: 630570376449580276, guid: f41842038c66ae045ab0807780a3e7ac, type: 3}
      propertyPath: sceneViewId
      value: 35
      objectReference: {fileID: 0}
    - target: {fileID: 630570376478764854, guid: f41842038c66ae045ab0807780a3e7ac, type: 3}
      propertyPath: sceneViewId
      value: 34
      objectReference: {fileID: 0}
    - target: {fileID: 630570376487894426, guid: f41842038c66ae045ab0807780a3e7ac, type: 3}
      propertyPath: sceneViewId
      value: 42
      objectReference: {fileID: 0}
    - target: {fileID: 630570376520300257, guid: f41842038c66ae045ab0807780a3e7ac, type: 3}
      propertyPath: sceneViewId
      value: 44
      objectReference: {fileID: 0}
    - target: {fileID: 630570376542028248, guid: f41842038c66ae045ab0807780a3e7ac, type: 3}
      propertyPath: sceneViewId
      value: 43
      objectReference: {fileID: 0}
    - target: {fileID: 630570376586419032, guid: f41842038c66ae045ab0807780a3e7ac, type: 3}
      propertyPath: sceneViewId
      value: 41
      objectReference: {fileID: 0}
    - target: {fileID: 630570376586849648, guid: f41842038c66ae045ab0807780a3e7ac, type: 3}
      propertyPath: sceneViewId
      value: 40
      objectReference: {fileID: 0}
    - target: {fileID: 630570376590406832, guid: f41842038c66ae045ab0807780a3e7ac, type: 3}
      propertyPath: sceneViewId
      value: 39
      objectReference: {fileID: 0}
    - target: {fileID: 630570376617082334, guid: f41842038c66ae045ab0807780a3e7ac, type: 3}
      propertyPath: sceneViewId
      value: 47
      objectReference: {fileID: 0}
    - target: {fileID: 630570376640107264, guid: f41842038c66ae045ab0807780a3e7ac, type: 3}
      propertyPath: sceneViewId
      value: 46
      objectReference: {fileID: 0}
    - target: {fileID: 630570376658239571, guid: f41842038c66ae045ab0807780a3e7ac, type: 3}
      propertyPath: sceneViewId
      value: 48
      objectReference: {fileID: 0}
    - target: {fileID: 630570376729639115, guid: f41842038c66ae045ab0807780a3e7ac, type: 3}
      propertyPath: sceneViewId
      value: 45
      objectReference: {fileID: 0}
    - target: {fileID: 630570376783984473, guid: f41842038c66ae045ab0807780a3e7ac, type: 3}
      propertyPath: sceneViewId
      value: 55
      objectReference: {fileID: 0}
    - target: {fileID: 630570376807221659, guid: f41842038c66ae045ab0807780a3e7ac, type: 3}
      propertyPath: sceneViewId
      value: 54
      objectReference: {fileID: 0}
    - target: {fileID: 630570376808165767, guid: f41842038c66ae045ab0807780a3e7ac, type: 3}
      propertyPath: sceneViewId
      value: 6
      objectReference: {fileID: 0}
    - target: {fileID: 630570376808616225, guid: f41842038c66ae045ab0807780a3e7ac, type: 3}
      propertyPath: sceneViewId
      value: 53
      objectReference: {fileID: 0}
    - target: {fileID: 630570376841625627, guid: f41842038c66ae045ab0807780a3e7ac, type: 3}
      propertyPath: sceneViewId
      value: 49
      objectReference: {fileID: 0}
    - target: {fileID: 630570376870298802, guid: f41842038c66ae045ab0807780a3e7ac, type: 3}
      propertyPath: sceneViewId
      value: 52
      objectReference: {fileID: 0}
    - target: {fileID: 630570376879572841, guid: f41842038c66ae045ab0807780a3e7ac, type: 3}
      propertyPath: sceneViewId
      value: 50
      objectReference: {fileID: 0}
    - target: {fileID: 630570376880369308, guid: f41842038c66ae045ab0807780a3e7ac, type: 3}
      propertyPath: sceneViewId
      value: 51
      objectReference: {fileID: 0}
    - target: {fileID: 630570376942134735, guid: f41842038c66ae045ab0807780a3e7ac, type: 3}
      propertyPath: sceneViewId
      value: 59
      objectReference: {fileID: 0}
    - target: {fileID: 630570376964236501, guid: f41842038c66ae045ab0807780a3e7ac, type: 3}
      propertyPath: sceneViewId
      value: 57
      objectReference: {fileID: 0}
    - target: {fileID: 630570376971411159, guid: f41842038c66ae045ab0807780a3e7ac, type: 3}
      propertyPath: sceneViewId
      value: 56
      objectReference: {fileID: 0}
    - target: {fileID: 630570377012736358, guid: f41842038c66ae045ab0807780a3e7ac, type: 3}
      propertyPath: sceneViewId
      value: 58
      objectReference: {fileID: 0}
    - target: {fileID: 630570377020834184, guid: f41842038c66ae045ab0807780a3e7ac, type: 3}
      propertyPath: m_RootOrder
      value: 2
      objectReference: {fileID: 0}
    - target: {fileID: 630570377020834184, guid: f41842038c66ae045ab0807780a3e7ac, type: 3}
      propertyPath: m_LocalPosition.x
      value: 280.57523
      objectReference: {fileID: 0}
    - target: {fileID: 630570377020834184, guid: f41842038c66ae045ab0807780a3e7ac, type: 3}
      propertyPath: m_LocalPosition.y
      value: -153.05836
      objectReference: {fileID: 0}
    - target: {fileID: 630570377020834184, guid: f41842038c66ae045ab0807780a3e7ac, type: 3}
      propertyPath: m_LocalPosition.z
      value: -225.08629
      objectReference: {fileID: 0}
    - target: {fileID: 630570377020834184, guid: f41842038c66ae045ab0807780a3e7ac, type: 3}
      propertyPath: m_LocalRotation.w
      value: 1
      objectReference: {fileID: 0}
    - target: {fileID: 630570377020834184, guid: f41842038c66ae045ab0807780a3e7ac, type: 3}
      propertyPath: m_LocalRotation.x
      value: -0
      objectReference: {fileID: 0}
    - target: {fileID: 630570377020834184, guid: f41842038c66ae045ab0807780a3e7ac, type: 3}
      propertyPath: m_LocalRotation.y
      value: -0
      objectReference: {fileID: 0}
    - target: {fileID: 630570377020834184, guid: f41842038c66ae045ab0807780a3e7ac, type: 3}
      propertyPath: m_LocalRotation.z
      value: -0
      objectReference: {fileID: 0}
    - target: {fileID: 630570377020834184, guid: f41842038c66ae045ab0807780a3e7ac, type: 3}
      propertyPath: m_LocalEulerAnglesHint.x
      value: 0
      objectReference: {fileID: 0}
    - target: {fileID: 630570377020834184, guid: f41842038c66ae045ab0807780a3e7ac, type: 3}
      propertyPath: m_LocalEulerAnglesHint.y
      value: 0
      objectReference: {fileID: 0}
    - target: {fileID: 630570377020834184, guid: f41842038c66ae045ab0807780a3e7ac, type: 3}
      propertyPath: m_LocalEulerAnglesHint.z
      value: 0
      objectReference: {fileID: 0}
    - target: {fileID: 630570377020834185, guid: f41842038c66ae045ab0807780a3e7ac, type: 3}
      propertyPath: m_Name
      value: "Cen\xE1rio MAPA 05"
      objectReference: {fileID: 0}
    - target: {fileID: 630570377028833870, guid: f41842038c66ae045ab0807780a3e7ac, type: 3}
      propertyPath: sceneViewId
      value: 60
      objectReference: {fileID: 0}
    - target: {fileID: 630570377167898239, guid: f41842038c66ae045ab0807780a3e7ac, type: 3}
      propertyPath: sceneViewId
      value: 65
      objectReference: {fileID: 0}
    - target: {fileID: 630570377175686748, guid: f41842038c66ae045ab0807780a3e7ac, type: 3}
      propertyPath: sceneViewId
      value: 64
      objectReference: {fileID: 0}
    - target: {fileID: 630570377227339345, guid: f41842038c66ae045ab0807780a3e7ac, type: 3}
      propertyPath: sceneViewId
      value: 63
      objectReference: {fileID: 0}
    - target: {fileID: 630570377241946290, guid: f41842038c66ae045ab0807780a3e7ac, type: 3}
      propertyPath: sceneViewId
      value: 62
      objectReference: {fileID: 0}
    - target: {fileID: 630570377251446848, guid: f41842038c66ae045ab0807780a3e7ac, type: 3}
      propertyPath: sceneViewId
      value: 61
      objectReference: {fileID: 0}
    - target: {fileID: 630570377344246312, guid: f41842038c66ae045ab0807780a3e7ac, type: 3}
      propertyPath: sceneViewId
      value: 68
      objectReference: {fileID: 0}
    - target: {fileID: 630570377403753131, guid: f41842038c66ae045ab0807780a3e7ac, type: 3}
      propertyPath: sceneViewId
      value: 67
      objectReference: {fileID: 0}
    - target: {fileID: 630570377419353599, guid: f41842038c66ae045ab0807780a3e7ac, type: 3}
      propertyPath: sceneViewId
      value: 66
      objectReference: {fileID: 0}
    - target: {fileID: 630570377431462547, guid: f41842038c66ae045ab0807780a3e7ac, type: 3}
      propertyPath: sceneViewId
      value: 72
      objectReference: {fileID: 0}
    - target: {fileID: 630570377451254726, guid: f41842038c66ae045ab0807780a3e7ac, type: 3}
      propertyPath: sceneViewId
      value: 71
      objectReference: {fileID: 0}
    - target: {fileID: 630570377499141875, guid: f41842038c66ae045ab0807780a3e7ac, type: 3}
      propertyPath: sceneViewId
      value: 69
      objectReference: {fileID: 0}
    - target: {fileID: 630570377536911432, guid: f41842038c66ae045ab0807780a3e7ac, type: 3}
      propertyPath: sceneViewId
      value: 70
      objectReference: {fileID: 0}
    - target: {fileID: 630570377568225516, guid: f41842038c66ae045ab0807780a3e7ac, type: 3}
      propertyPath: sceneViewId
      value: 78
      objectReference: {fileID: 0}
    - target: {fileID: 630570377581172109, guid: f41842038c66ae045ab0807780a3e7ac, type: 3}
      propertyPath: sceneViewId
      value: 76
      objectReference: {fileID: 0}
    - target: {fileID: 630570377585086071, guid: f41842038c66ae045ab0807780a3e7ac, type: 3}
      propertyPath: sceneViewId
      value: 77
      objectReference: {fileID: 0}
    - target: {fileID: 630570377603443609, guid: f41842038c66ae045ab0807780a3e7ac, type: 3}
      propertyPath: sceneViewId
      value: 17
      objectReference: {fileID: 0}
    - target: {fileID: 630570377671516945, guid: f41842038c66ae045ab0807780a3e7ac, type: 3}
      propertyPath: sceneViewId
      value: 75
      objectReference: {fileID: 0}
    - target: {fileID: 630570377680487434, guid: f41842038c66ae045ab0807780a3e7ac, type: 3}
      propertyPath: sceneViewId
      value: 73
      objectReference: {fileID: 0}
    - target: {fileID: 630570377684557444, guid: f41842038c66ae045ab0807780a3e7ac, type: 3}
      propertyPath: sceneViewId
      value: 74
      objectReference: {fileID: 0}
    - target: {fileID: 630570377751219724, guid: f41842038c66ae045ab0807780a3e7ac, type: 3}
      propertyPath: sceneViewId
      value: 79
      objectReference: {fileID: 0}
    - target: {fileID: 630570377868269981, guid: f41842038c66ae045ab0807780a3e7ac, type: 3}
      propertyPath: sceneViewId
      value: 82
      objectReference: {fileID: 0}
    - target: {fileID: 630570377882242299, guid: f41842038c66ae045ab0807780a3e7ac, type: 3}
      propertyPath: sceneViewId
      value: 81
      objectReference: {fileID: 0}
    - target: {fileID: 630570377924184678, guid: f41842038c66ae045ab0807780a3e7ac, type: 3}
      propertyPath: sceneViewId
      value: 80
      objectReference: {fileID: 0}
    - target: {fileID: 630570377983942810, guid: f41842038c66ae045ab0807780a3e7ac, type: 3}
      propertyPath: sceneViewId
      value: 84
      objectReference: {fileID: 0}
    - target: {fileID: 630570378040249512, guid: f41842038c66ae045ab0807780a3e7ac, type: 3}
      propertyPath: sceneViewId
      value: 18
      objectReference: {fileID: 0}
    - target: {fileID: 630570378082728440, guid: f41842038c66ae045ab0807780a3e7ac, type: 3}
      propertyPath: sceneViewId
      value: 83
      objectReference: {fileID: 0}
    - target: {fileID: 996586214175831647, guid: f41842038c66ae045ab0807780a3e7ac, type: 3}
      propertyPath: sceneViewId
      value: 7
      objectReference: {fileID: 0}
    - target: {fileID: 1143687477465475556, guid: f41842038c66ae045ab0807780a3e7ac, type: 3}
      propertyPath: sceneViewId
      value: 15
      objectReference: {fileID: 0}
    - target: {fileID: 1143687477702668370, guid: f41842038c66ae045ab0807780a3e7ac, type: 3}
      propertyPath: sceneViewId
      value: 11
      objectReference: {fileID: 0}
    - target: {fileID: 1143687477828221132, guid: f41842038c66ae045ab0807780a3e7ac, type: 3}
      propertyPath: sceneViewId
      value: 13
      objectReference: {fileID: 0}
    - target: {fileID: 1143687478234685535, guid: f41842038c66ae045ab0807780a3e7ac, type: 3}
      propertyPath: sceneViewId
      value: 12
      objectReference: {fileID: 0}
    - target: {fileID: 1143687478652226839, guid: f41842038c66ae045ab0807780a3e7ac, type: 3}
      propertyPath: sceneViewId
      value: 14
      objectReference: {fileID: 0}
    - target: {fileID: 1143687479420330684, guid: f41842038c66ae045ab0807780a3e7ac, type: 3}
      propertyPath: sceneViewId
      value: 10
      objectReference: {fileID: 0}
    - target: {fileID: 2512762815846758904, guid: f41842038c66ae045ab0807780a3e7ac, type: 3}
      propertyPath: sceneViewId
      value: 16
      objectReference: {fileID: 0}
    - target: {fileID: 4750071950091052176, guid: f41842038c66ae045ab0807780a3e7ac, type: 3}
      propertyPath: sceneViewId
      value: 9
      objectReference: {fileID: 0}
    - target: {fileID: 5065424237736082888, guid: f41842038c66ae045ab0807780a3e7ac, type: 3}
      propertyPath: sceneViewId
      value: 8
      objectReference: {fileID: 0}
    - target: {fileID: 6204005137145000797, guid: f41842038c66ae045ab0807780a3e7ac, type: 3}
      propertyPath: sceneViewId
      value: 4
      objectReference: {fileID: 0}
    - target: {fileID: 6204005137207786983, guid: f41842038c66ae045ab0807780a3e7ac, type: 3}
      propertyPath: sceneViewId
      value: 3
      objectReference: {fileID: 0}
    - target: {fileID: 6204005137659267984, guid: f41842038c66ae045ab0807780a3e7ac, type: 3}
      propertyPath: sceneViewId
      value: 5
      objectReference: {fileID: 0}
    - target: {fileID: 8018965422592906992, guid: f41842038c66ae045ab0807780a3e7ac, type: 3}
      propertyPath: sceneViewId
      value: 2
      objectReference: {fileID: 0}
    m_RemovedComponents: []
  m_SourcePrefab: {fileID: 100100000, guid: f41842038c66ae045ab0807780a3e7ac, type: 3}
--- !u!1001 &7823108514966543958
PrefabInstance:
  m_ObjectHideFlags: 0
  serializedVersion: 2
  m_Modification:
    m_TransformParent: {fileID: 0}
    m_Modifications:
    - target: {fileID: 1372253360, guid: 570ab6cd1cf74a34e8f896c6ee43cbbe, type: 3}
      propertyPath: m_SizeDelta.x
      value: 919.0084
      objectReference: {fileID: 0}
    - target: {fileID: 1372253360, guid: 570ab6cd1cf74a34e8f896c6ee43cbbe, type: 3}
      propertyPath: m_AnchoredPosition.x
      value: -475.83792
      objectReference: {fileID: 0}
    - target: {fileID: 1372253361, guid: 570ab6cd1cf74a34e8f896c6ee43cbbe, type: 3}
      propertyPath: m_HorizontalAlignment
      value: 1
      objectReference: {fileID: 0}
    - target: {fileID: 308339147102090311, guid: 570ab6cd1cf74a34e8f896c6ee43cbbe, type: 3}
      propertyPath: m_Volume
      value: 0.125
      objectReference: {fileID: 0}
    - target: {fileID: 7823108513912873407, guid: 570ab6cd1cf74a34e8f896c6ee43cbbe, type: 3}
      propertyPath: sceneViewId
      value: 1
      objectReference: {fileID: 0}
    - target: {fileID: 7823108514176281353, guid: 570ab6cd1cf74a34e8f896c6ee43cbbe, type: 3}
      propertyPath: m_Name
      value: Controles
      objectReference: {fileID: 0}
    - target: {fileID: 7823108514176281398, guid: 570ab6cd1cf74a34e8f896c6ee43cbbe, type: 3}
      propertyPath: m_RootOrder
      value: 1
      objectReference: {fileID: 0}
    - target: {fileID: 7823108514176281398, guid: 570ab6cd1cf74a34e8f896c6ee43cbbe, type: 3}
      propertyPath: m_LocalPosition.x
      value: 0
      objectReference: {fileID: 0}
    - target: {fileID: 7823108514176281398, guid: 570ab6cd1cf74a34e8f896c6ee43cbbe, type: 3}
      propertyPath: m_LocalPosition.y
      value: 6.7
      objectReference: {fileID: 0}
    - target: {fileID: 7823108514176281398, guid: 570ab6cd1cf74a34e8f896c6ee43cbbe, type: 3}
      propertyPath: m_LocalPosition.z
      value: 0
      objectReference: {fileID: 0}
    - target: {fileID: 7823108514176281398, guid: 570ab6cd1cf74a34e8f896c6ee43cbbe, type: 3}
      propertyPath: m_LocalRotation.w
      value: 1
      objectReference: {fileID: 0}
    - target: {fileID: 7823108514176281398, guid: 570ab6cd1cf74a34e8f896c6ee43cbbe, type: 3}
      propertyPath: m_LocalRotation.x
      value: 0
      objectReference: {fileID: 0}
    - target: {fileID: 7823108514176281398, guid: 570ab6cd1cf74a34e8f896c6ee43cbbe, type: 3}
      propertyPath: m_LocalRotation.y
      value: 0
      objectReference: {fileID: 0}
    - target: {fileID: 7823108514176281398, guid: 570ab6cd1cf74a34e8f896c6ee43cbbe, type: 3}
      propertyPath: m_LocalRotation.z
      value: 0
      objectReference: {fileID: 0}
    - target: {fileID: 7823108514176281398, guid: 570ab6cd1cf74a34e8f896c6ee43cbbe, type: 3}
      propertyPath: m_LocalEulerAnglesHint.x
      value: 0
      objectReference: {fileID: 0}
    - target: {fileID: 7823108514176281398, guid: 570ab6cd1cf74a34e8f896c6ee43cbbe, type: 3}
      propertyPath: m_LocalEulerAnglesHint.y
      value: 0
      objectReference: {fileID: 0}
    - target: {fileID: 7823108514176281398, guid: 570ab6cd1cf74a34e8f896c6ee43cbbe, type: 3}
      propertyPath: m_LocalEulerAnglesHint.z
      value: 0
      objectReference: {fileID: 0}
    m_RemovedComponents: []
  m_SourcePrefab: {fileID: 100100000, guid: 570ab6cd1cf74a34e8f896c6ee43cbbe, type: 3}
